%YAML 1.1
%TAG !u! tag:unity3d.com,2011:
--- !u!29 &1
OcclusionCullingSettings:
  m_ObjectHideFlags: 0
  serializedVersion: 2
  m_OcclusionBakeSettings:
    smallestOccluder: 5
    smallestHole: 0.25
    backfaceThreshold: 100
  m_SceneGUID: 00000000000000000000000000000000
  m_OcclusionCullingData: {fileID: 0}
--- !u!104 &2
RenderSettings:
  m_ObjectHideFlags: 0
  serializedVersion: 9
  m_Fog: 0
  m_FogColor: {r: 0.5, g: 0.5, b: 0.5, a: 1}
  m_FogMode: 3
  m_FogDensity: 0.01
  m_LinearFogStart: 0
  m_LinearFogEnd: 300
  m_AmbientSkyColor: {r: 0.212, g: 0.227, b: 0.259, a: 1}
  m_AmbientEquatorColor: {r: 0.114, g: 0.125, b: 0.133, a: 1}
  m_AmbientGroundColor: {r: 0.047, g: 0.043, b: 0.035, a: 1}
  m_AmbientIntensity: 1
  m_AmbientMode: 0
  m_SubtractiveShadowColor: {r: 0.42, g: 0.478, b: 0.627, a: 1}
  m_SkyboxMaterial: {fileID: 0}
  m_HaloStrength: 0.5
  m_FlareStrength: 1
  m_FlareFadeSpeed: 3
  m_HaloTexture: {fileID: 0}
  m_SpotCookie: {fileID: 10001, guid: 0000000000000000e000000000000000, type: 0}
  m_DefaultReflectionMode: 0
  m_DefaultReflectionResolution: 128
  m_ReflectionBounces: 1
  m_ReflectionIntensity: 1
  m_CustomReflection: {fileID: 0}
  m_Sun: {fileID: 0}
  m_IndirectSpecularColor: {r: 0, g: 0, b: 0, a: 1}
  m_UseRadianceAmbientProbe: 0
--- !u!157 &4
LightmapSettings:
  m_ObjectHideFlags: 0
  serializedVersion: 11
  m_GIWorkflowMode: 1
  m_GISettings:
    serializedVersion: 2
    m_BounceScale: 1
    m_IndirectOutputScale: 1
    m_AlbedoBoost: 1
    m_EnvironmentLightingMode: 0
    m_EnableBakedLightmaps: 1
    m_EnableRealtimeLightmaps: 1
  m_LightmapEditorSettings:
    serializedVersion: 10
    m_Resolution: 2
    m_BakeResolution: 40
    m_AtlasSize: 1024
    m_AO: 0
    m_AOMaxDistance: 1
    m_CompAOExponent: 0
    m_CompAOExponentDirect: 0
    m_Padding: 2
    m_LightmapParameters: {fileID: 0}
    m_LightmapsBakeMode: 1
    m_TextureCompression: 1
    m_FinalGather: 0
    m_FinalGatherFiltering: 1
    m_FinalGatherRayCount: 1024
    m_ReflectionCompression: 2
    m_MixedBakeMode: 1
    m_BakeBackend: 0
    m_PVRSampling: 1
    m_PVRDirectSampleCount: 32
    m_PVRSampleCount: 500
    m_PVRBounces: 2
    m_PVRFilterTypeDirect: 0
    m_PVRFilterTypeIndirect: 0
    m_PVRFilterTypeAO: 0
    m_PVRFilteringMode: 1
    m_PVRCulling: 1
    m_PVRFilteringGaussRadiusDirect: 1
    m_PVRFilteringGaussRadiusIndirect: 5
    m_PVRFilteringGaussRadiusAO: 2
    m_PVRFilteringAtrousPositionSigmaDirect: 0.5
    m_PVRFilteringAtrousPositionSigmaIndirect: 2
    m_PVRFilteringAtrousPositionSigmaAO: 1
    m_ShowResolutionOverlay: 1
  m_LightingDataAsset: {fileID: 0}
  m_UseShadowmask: 0
--- !u!196 &5
NavMeshSettings:
  serializedVersion: 2
  m_ObjectHideFlags: 0
  m_BuildSettings:
    serializedVersion: 2
    agentTypeID: 0
    agentRadius: 0.5
    agentHeight: 2
    agentSlope: 45
    agentClimb: 0.4
    ledgeDropHeight: 0
    maxJumpAcrossDistance: 0
    minRegionArea: 2
    manualCellSize: 0
    cellSize: 0.16666667
    manualTileSize: 0
    tileSize: 256
    accuratePlacement: 0
    debug:
      m_Flags: 0
  m_NavMeshData: {fileID: 0}
--- !u!1 &379583949
GameObject:
  m_ObjectHideFlags: 0
  m_CorrespondingSourceObject: {fileID: 0}
  m_PrefabInstance: {fileID: 0}
  m_PrefabAsset: {fileID: 0}
  serializedVersion: 6
  m_Component:
  - component: {fileID: 379583954}
  - component: {fileID: 379583953}
  - component: {fileID: 379583952}
  - component: {fileID: 379583951}
  - component: {fileID: 379583950}
  m_Layer: 0
  m_Name: Camera (1)
  m_TagString: Untagged
  m_Icon: {fileID: 0}
  m_NavMeshLayer: 0
  m_StaticEditorFlags: 0
  m_IsActive: 1
--- !u!81 &379583950
AudioListener:
  m_ObjectHideFlags: 0
  m_CorrespondingSourceObject: {fileID: 0}
  m_PrefabInstance: {fileID: 0}
  m_PrefabAsset: {fileID: 0}
  m_GameObject: {fileID: 379583949}
  m_Enabled: 1
--- !u!92 &379583951
Behaviour:
  m_ObjectHideFlags: 0
  m_CorrespondingSourceObject: {fileID: 0}
  m_PrefabInstance: {fileID: 0}
  m_PrefabAsset: {fileID: 0}
  m_GameObject: {fileID: 379583949}
  m_Enabled: 1
--- !u!124 &379583952
Behaviour:
  m_ObjectHideFlags: 0
  m_CorrespondingSourceObject: {fileID: 0}
  m_PrefabInstance: {fileID: 0}
  m_PrefabAsset: {fileID: 0}
  m_GameObject: {fileID: 379583949}
  m_Enabled: 1
--- !u!20 &379583953
Camera:
  m_ObjectHideFlags: 0
  m_CorrespondingSourceObject: {fileID: 0}
  m_PrefabInstance: {fileID: 0}
  m_PrefabAsset: {fileID: 0}
  m_GameObject: {fileID: 379583949}
  m_Enabled: 1
  serializedVersion: 2
  m_ClearFlags: 2
  m_BackGroundColor: {r: 0.050980393, g: 0.14901961, b: 0.23529412, a: 1}
  m_projectionMatrixMode: 1
  m_SensorSize: {x: 36, y: 24}
  m_LensShift: {x: 0, y: 0}
  m_GateFitMode: 2
  m_FocalLength: 50
  m_NormalizedViewPortRect:
    serializedVersion: 2
    x: 0
    y: 0
    width: 1
    height: 1
  near clip plane: 0.3
  far clip plane: 1000
  field of view: 60
  orthographic: 0
  orthographic size: 5
  m_Depth: 0
  m_CullingMask:
    serializedVersion: 2
    m_Bits: 4294967295
  m_RenderingPath: -1
  m_TargetTexture: {fileID: 0}
  m_TargetDisplay: 0
  m_TargetEye: 3
  m_HDR: 0
  m_AllowMSAA: 1
  m_AllowDynamicResolution: 0
  m_ForceIntoRT: 0
  m_OcclusionCulling: 1
  m_StereoConvergence: 10
  m_StereoSeparation: 0.022
--- !u!4 &379583954
Transform:
  m_ObjectHideFlags: 0
  m_CorrespondingSourceObject: {fileID: 0}
  m_PrefabInstance: {fileID: 0}
  m_PrefabAsset: {fileID: 0}
  m_GameObject: {fileID: 379583949}
  m_LocalRotation: {x: -0, y: -0, z: -0, w: 1}
  m_LocalPosition: {x: 0, y: 0, z: 0}
  m_LocalScale: {x: 1, y: 1, z: 1}
  m_Children: []
  m_Father: {fileID: 0}
  m_RootOrder: 0
  m_LocalEulerAnglesHint: {x: 0, y: 0, z: 0}
--- !u!1001 &620163345
PrefabInstance:
  m_ObjectHideFlags: 0
  serializedVersion: 2
  m_Modification:
    m_TransformParent: {fileID: 0}
    m_Modifications:
    - target: {fileID: 100000, guid: f594b14f498bf4744ae89d213732e723, type: 3}
      propertyPath: m_Name
      value: Lobby
      objectReference: {fileID: 0}
    - target: {fileID: 400000, guid: f594b14f498bf4744ae89d213732e723, type: 3}
      propertyPath: m_LocalPosition.x
      value: 0
      objectReference: {fileID: 0}
    - target: {fileID: 400000, guid: f594b14f498bf4744ae89d213732e723, type: 3}
      propertyPath: m_LocalPosition.y
      value: 1
      objectReference: {fileID: 0}
    - target: {fileID: 400000, guid: f594b14f498bf4744ae89d213732e723, type: 3}
      propertyPath: m_LocalPosition.z
      value: -10
      objectReference: {fileID: 0}
    - target: {fileID: 400000, guid: f594b14f498bf4744ae89d213732e723, type: 3}
      propertyPath: m_LocalRotation.x
      value: 0
      objectReference: {fileID: 0}
    - target: {fileID: 400000, guid: f594b14f498bf4744ae89d213732e723, type: 3}
      propertyPath: m_LocalRotation.y
      value: 0
      objectReference: {fileID: 0}
    - target: {fileID: 400000, guid: f594b14f498bf4744ae89d213732e723, type: 3}
      propertyPath: m_LocalRotation.z
      value: 0
      objectReference: {fileID: 0}
    - target: {fileID: 400000, guid: f594b14f498bf4744ae89d213732e723, type: 3}
      propertyPath: m_LocalRotation.w
      value: 1
      objectReference: {fileID: 0}
    - target: {fileID: 400000, guid: f594b14f498bf4744ae89d213732e723, type: 3}
      propertyPath: m_RootOrder
      value: 1
      objectReference: {fileID: 0}
    - target: {fileID: 400000, guid: f594b14f498bf4744ae89d213732e723, type: 3}
      propertyPath: m_LocalEulerAnglesHint.x
      value: 0
      objectReference: {fileID: 0}
    - target: {fileID: 400000, guid: f594b14f498bf4744ae89d213732e723, type: 3}
      propertyPath: m_LocalEulerAnglesHint.y
      value: 0
      objectReference: {fileID: 0}
    - target: {fileID: 400000, guid: f594b14f498bf4744ae89d213732e723, type: 3}
      propertyPath: m_LocalEulerAnglesHint.z
      value: 0
      objectReference: {fileID: 0}
    - target: {fileID: 22417740, guid: f594b14f498bf4744ae89d213732e723, type: 3}
      propertyPath: m_AnchorMin.y
      value: 0
      objectReference: {fileID: 0}
    - target: {fileID: 22417740, guid: f594b14f498bf4744ae89d213732e723, type: 3}
      propertyPath: m_AnchorMax.y
      value: 0
      objectReference: {fileID: 0}
    - target: {fileID: 22417740, guid: f594b14f498bf4744ae89d213732e723, type: 3}
      propertyPath: m_AnchoredPosition.x
      value: 0
      objectReference: {fileID: 0}
    - target: {fileID: 22417740, guid: f594b14f498bf4744ae89d213732e723, type: 3}
      propertyPath: m_AnchoredPosition.y
      value: 0
      objectReference: {fileID: 0}
    - target: {fileID: 22417740, guid: f594b14f498bf4744ae89d213732e723, type: 3}
      propertyPath: m_SizeDelta.x
      value: 0
      objectReference: {fileID: 0}
    - target: {fileID: 22417740, guid: f594b14f498bf4744ae89d213732e723, type: 3}
      propertyPath: m_SizeDelta.y
      value: 0
      objectReference: {fileID: 0}
    - target: {fileID: 22460984, guid: f594b14f498bf4744ae89d213732e723, type: 3}
      propertyPath: m_AnchorMin.y
      value: 0
      objectReference: {fileID: 0}
    - target: {fileID: 22460984, guid: f594b14f498bf4744ae89d213732e723, type: 3}
      propertyPath: m_AnchorMax.y
      value: 0
      objectReference: {fileID: 0}
    - target: {fileID: 22460984, guid: f594b14f498bf4744ae89d213732e723, type: 3}
      propertyPath: m_AnchoredPosition.x
      value: 0
      objectReference: {fileID: 0}
    - target: {fileID: 22460984, guid: f594b14f498bf4744ae89d213732e723, type: 3}
      propertyPath: m_AnchoredPosition.y
      value: 0
      objectReference: {fileID: 0}
    - target: {fileID: 22460984, guid: f594b14f498bf4744ae89d213732e723, type: 3}
      propertyPath: m_SizeDelta.x
      value: 0
      objectReference: {fileID: 0}
    - target: {fileID: 22460984, guid: f594b14f498bf4744ae89d213732e723, type: 3}
      propertyPath: m_SizeDelta.y
      value: 0
      objectReference: {fileID: 0}
    - target: {fileID: 22460424, guid: f594b14f498bf4744ae89d213732e723, type: 3}
      propertyPath: m_AnchorMin.y
      value: 0
      objectReference: {fileID: 0}
    - target: {fileID: 22460424, guid: f594b14f498bf4744ae89d213732e723, type: 3}
      propertyPath: m_AnchorMax.y
      value: 0
      objectReference: {fileID: 0}
    - target: {fileID: 22460424, guid: f594b14f498bf4744ae89d213732e723, type: 3}
      propertyPath: m_AnchoredPosition.x
      value: 0
      objectReference: {fileID: 0}
    - target: {fileID: 22460424, guid: f594b14f498bf4744ae89d213732e723, type: 3}
      propertyPath: m_AnchoredPosition.y
      value: 0
      objectReference: {fileID: 0}
    - target: {fileID: 22460424, guid: f594b14f498bf4744ae89d213732e723, type: 3}
      propertyPath: m_SizeDelta.x
      value: 0
      objectReference: {fileID: 0}
    - target: {fileID: 22460424, guid: f594b14f498bf4744ae89d213732e723, type: 3}
      propertyPath: m_SizeDelta.y
      value: 0
      objectReference: {fileID: 0}
    - target: {fileID: 22434062, guid: f594b14f498bf4744ae89d213732e723, type: 3}
      propertyPath: m_AnchorMin.y
      value: 0
      objectReference: {fileID: 0}
    - target: {fileID: 22434062, guid: f594b14f498bf4744ae89d213732e723, type: 3}
      propertyPath: m_AnchorMax.y
      value: 0
      objectReference: {fileID: 0}
    - target: {fileID: 22434062, guid: f594b14f498bf4744ae89d213732e723, type: 3}
      propertyPath: m_AnchoredPosition.x
      value: 0
      objectReference: {fileID: 0}
    - target: {fileID: 22434062, guid: f594b14f498bf4744ae89d213732e723, type: 3}
      propertyPath: m_AnchoredPosition.y
      value: 0
      objectReference: {fileID: 0}
    - target: {fileID: 22434062, guid: f594b14f498bf4744ae89d213732e723, type: 3}
      propertyPath: m_SizeDelta.x
      value: 0
      objectReference: {fileID: 0}
    - target: {fileID: 22434062, guid: f594b14f498bf4744ae89d213732e723, type: 3}
      propertyPath: m_SizeDelta.y
      value: 0
      objectReference: {fileID: 0}
    - target: {fileID: 224049889776901072, guid: f594b14f498bf4744ae89d213732e723,
        type: 3}
      propertyPath: m_AnchorMin.y
      value: 0
      objectReference: {fileID: 0}
    - target: {fileID: 224049889776901072, guid: f594b14f498bf4744ae89d213732e723,
        type: 3}
      propertyPath: m_AnchorMax.y
      value: 0
      objectReference: {fileID: 0}
    - target: {fileID: 224049889776901072, guid: f594b14f498bf4744ae89d213732e723,
        type: 3}
      propertyPath: m_AnchoredPosition.x
      value: 0
      objectReference: {fileID: 0}
    - target: {fileID: 224049889776901072, guid: f594b14f498bf4744ae89d213732e723,
        type: 3}
      propertyPath: m_AnchoredPosition.y
      value: 0
      objectReference: {fileID: 0}
    - target: {fileID: 224049889776901072, guid: f594b14f498bf4744ae89d213732e723,
        type: 3}
      propertyPath: m_SizeDelta.x
      value: 0
      objectReference: {fileID: 0}
    - target: {fileID: 224049889776901072, guid: f594b14f498bf4744ae89d213732e723,
        type: 3}
      propertyPath: m_SizeDelta.y
      value: 0
      objectReference: {fileID: 0}
    - target: {fileID: 22498282, guid: f594b14f498bf4744ae89d213732e723, type: 3}
      propertyPath: m_AnchorMin.y
      value: 0
      objectReference: {fileID: 0}
    - target: {fileID: 22498282, guid: f594b14f498bf4744ae89d213732e723, type: 3}
      propertyPath: m_AnchorMax.y
      value: 0
      objectReference: {fileID: 0}
    - target: {fileID: 22498282, guid: f594b14f498bf4744ae89d213732e723, type: 3}
      propertyPath: m_AnchoredPosition.x
      value: 0
      objectReference: {fileID: 0}
    - target: {fileID: 22498282, guid: f594b14f498bf4744ae89d213732e723, type: 3}
      propertyPath: m_AnchoredPosition.y
      value: 0
      objectReference: {fileID: 0}
    - target: {fileID: 22498282, guid: f594b14f498bf4744ae89d213732e723, type: 3}
      propertyPath: m_SizeDelta.x
      value: 0
      objectReference: {fileID: 0}
    - target: {fileID: 22498282, guid: f594b14f498bf4744ae89d213732e723, type: 3}
      propertyPath: m_SizeDelta.y
      value: 0
      objectReference: {fileID: 0}
    - target: {fileID: 8200305302899772421, guid: f594b14f498bf4744ae89d213732e723,
        type: 3}
      propertyPath: m_havePropertiesChanged
      value: 1
      objectReference: {fileID: 0}
    - target: {fileID: 8200305302899772421, guid: f594b14f498bf4744ae89d213732e723,
        type: 3}
      propertyPath: m_isInputParsingRequired
      value: 1
      objectReference: {fileID: 0}
    - target: {fileID: 3622587382415047278, guid: f594b14f498bf4744ae89d213732e723,
        type: 3}
      propertyPath: m_havePropertiesChanged
      value: 1
      objectReference: {fileID: 0}
    - target: {fileID: 3622587382415047278, guid: f594b14f498bf4744ae89d213732e723,
        type: 3}
      propertyPath: m_isInputParsingRequired
      value: 1
      objectReference: {fileID: 0}
    - target: {fileID: 2358407965251866343, guid: f594b14f498bf4744ae89d213732e723,
        type: 3}
      propertyPath: m_AnchorMin.y
      value: 0
      objectReference: {fileID: 0}
    - target: {fileID: 2358407965251866343, guid: f594b14f498bf4744ae89d213732e723,
        type: 3}
      propertyPath: m_AnchorMax.y
      value: 0
      objectReference: {fileID: 0}
    - target: {fileID: 2358407965251866343, guid: f594b14f498bf4744ae89d213732e723,
        type: 3}
      propertyPath: m_AnchoredPosition.x
      value: 0
      objectReference: {fileID: 0}
    - target: {fileID: 2358407965251866343, guid: f594b14f498bf4744ae89d213732e723,
        type: 3}
      propertyPath: m_AnchoredPosition.y
      value: 0
      objectReference: {fileID: 0}
    - target: {fileID: 2358407965251866343, guid: f594b14f498bf4744ae89d213732e723,
        type: 3}
      propertyPath: m_SizeDelta.x
      value: 0
      objectReference: {fileID: 0}
    - target: {fileID: 2358407965251866343, guid: f594b14f498bf4744ae89d213732e723,
        type: 3}
      propertyPath: m_SizeDelta.y
      value: 0
      objectReference: {fileID: 0}
    - target: {fileID: 655878269722405413, guid: f594b14f498bf4744ae89d213732e723,
        type: 3}
      propertyPath: m_AnchorMin.y
      value: 0
      objectReference: {fileID: 0}
    - target: {fileID: 655878269722405413, guid: f594b14f498bf4744ae89d213732e723,
        type: 3}
      propertyPath: m_AnchorMax.y
      value: 0
      objectReference: {fileID: 0}
    - target: {fileID: 655878269722405413, guid: f594b14f498bf4744ae89d213732e723,
        type: 3}
      propertyPath: m_AnchoredPosition.x
      value: 0
      objectReference: {fileID: 0}
    - target: {fileID: 655878269722405413, guid: f594b14f498bf4744ae89d213732e723,
        type: 3}
      propertyPath: m_AnchoredPosition.y
      value: 0
      objectReference: {fileID: 0}
    - target: {fileID: 655878269722405413, guid: f594b14f498bf4744ae89d213732e723,
        type: 3}
      propertyPath: m_SizeDelta.x
      value: 0
      objectReference: {fileID: 0}
    - target: {fileID: 655878269722405413, guid: f594b14f498bf4744ae89d213732e723,
        type: 3}
      propertyPath: m_SizeDelta.y
      value: 0
      objectReference: {fileID: 0}
    - target: {fileID: 3667198591280196374, guid: f594b14f498bf4744ae89d213732e723,
        type: 3}
      propertyPath: m_AnchorMin.y
      value: 0
      objectReference: {fileID: 0}
    - target: {fileID: 3667198591280196374, guid: f594b14f498bf4744ae89d213732e723,
        type: 3}
      propertyPath: m_AnchorMax.y
      value: 0
      objectReference: {fileID: 0}
    - target: {fileID: 3667198591280196374, guid: f594b14f498bf4744ae89d213732e723,
        type: 3}
      propertyPath: m_AnchoredPosition.x
      value: 0
      objectReference: {fileID: 0}
    - target: {fileID: 3667198591280196374, guid: f594b14f498bf4744ae89d213732e723,
        type: 3}
      propertyPath: m_AnchoredPosition.y
      value: 0
      objectReference: {fileID: 0}
    - target: {fileID: 3667198591280196374, guid: f594b14f498bf4744ae89d213732e723,
        type: 3}
      propertyPath: m_SizeDelta.x
      value: 0
      objectReference: {fileID: 0}
    - target: {fileID: 3667198591280196374, guid: f594b14f498bf4744ae89d213732e723,
        type: 3}
      propertyPath: m_SizeDelta.y
      value: 0
      objectReference: {fileID: 0}
    - target: {fileID: 6039387585398470871, guid: f594b14f498bf4744ae89d213732e723,
        type: 3}
      propertyPath: m_AnchorMin.y
      value: 0
      objectReference: {fileID: 0}
    - target: {fileID: 6039387585398470871, guid: f594b14f498bf4744ae89d213732e723,
        type: 3}
      propertyPath: m_AnchorMax.y
      value: 0
      objectReference: {fileID: 0}
    - target: {fileID: 6039387585398470871, guid: f594b14f498bf4744ae89d213732e723,
        type: 3}
      propertyPath: m_AnchoredPosition.x
      value: 0
      objectReference: {fileID: 0}
    - target: {fileID: 6039387585398470871, guid: f594b14f498bf4744ae89d213732e723,
        type: 3}
      propertyPath: m_AnchoredPosition.y
      value: 0
      objectReference: {fileID: 0}
    - target: {fileID: 6039387585398470871, guid: f594b14f498bf4744ae89d213732e723,
        type: 3}
      propertyPath: m_SizeDelta.x
      value: 0
      objectReference: {fileID: 0}
    - target: {fileID: 6039387585398470871, guid: f594b14f498bf4744ae89d213732e723,
        type: 3}
      propertyPath: m_SizeDelta.y
      value: 0
      objectReference: {fileID: 0}
    - target: {fileID: 6112101577356006232, guid: f594b14f498bf4744ae89d213732e723,
        type: 3}
      propertyPath: m_AnchorMin.y
      value: 0
      objectReference: {fileID: 0}
    - target: {fileID: 6112101577356006232, guid: f594b14f498bf4744ae89d213732e723,
        type: 3}
      propertyPath: m_AnchorMax.y
      value: 0
      objectReference: {fileID: 0}
    - target: {fileID: 6112101577356006232, guid: f594b14f498bf4744ae89d213732e723,
        type: 3}
      propertyPath: m_AnchoredPosition.x
      value: 0
      objectReference: {fileID: 0}
    - target: {fileID: 6112101577356006232, guid: f594b14f498bf4744ae89d213732e723,
        type: 3}
      propertyPath: m_AnchoredPosition.y
      value: 0
      objectReference: {fileID: 0}
    - target: {fileID: 6112101577356006232, guid: f594b14f498bf4744ae89d213732e723,
        type: 3}
      propertyPath: m_SizeDelta.x
      value: 0
      objectReference: {fileID: 0}
    - target: {fileID: 6112101577356006232, guid: f594b14f498bf4744ae89d213732e723,
        type: 3}
      propertyPath: m_SizeDelta.y
      value: 0
      objectReference: {fileID: 0}
    - target: {fileID: 5143317746049978597, guid: f594b14f498bf4744ae89d213732e723,
        type: 3}
      propertyPath: m_AnchorMin.y
      value: 0
      objectReference: {fileID: 0}
    - target: {fileID: 5143317746049978597, guid: f594b14f498bf4744ae89d213732e723,
        type: 3}
      propertyPath: m_AnchorMax.y
      value: 0
      objectReference: {fileID: 0}
    - target: {fileID: 5143317746049978597, guid: f594b14f498bf4744ae89d213732e723,
        type: 3}
      propertyPath: m_AnchoredPosition.x
      value: 0
      objectReference: {fileID: 0}
    - target: {fileID: 5143317746049978597, guid: f594b14f498bf4744ae89d213732e723,
        type: 3}
      propertyPath: m_AnchoredPosition.y
      value: 0
      objectReference: {fileID: 0}
    - target: {fileID: 5143317746049978597, guid: f594b14f498bf4744ae89d213732e723,
        type: 3}
      propertyPath: m_SizeDelta.x
      value: 0
      objectReference: {fileID: 0}
    - target: {fileID: 5143317746049978597, guid: f594b14f498bf4744ae89d213732e723,
        type: 3}
      propertyPath: m_SizeDelta.y
      value: 0
      objectReference: {fileID: 0}
    - target: {fileID: 8453556063462995954, guid: f594b14f498bf4744ae89d213732e723,
        type: 3}
      propertyPath: m_AnchorMin.y
      value: 0
      objectReference: {fileID: 0}
    - target: {fileID: 8453556063462995954, guid: f594b14f498bf4744ae89d213732e723,
        type: 3}
      propertyPath: m_AnchorMax.y
      value: 0
      objectReference: {fileID: 0}
    - target: {fileID: 8453556063462995954, guid: f594b14f498bf4744ae89d213732e723,
        type: 3}
      propertyPath: m_AnchoredPosition.x
      value: 0
      objectReference: {fileID: 0}
    - target: {fileID: 8453556063462995954, guid: f594b14f498bf4744ae89d213732e723,
        type: 3}
      propertyPath: m_AnchoredPosition.y
      value: 0
      objectReference: {fileID: 0}
    - target: {fileID: 8453556063462995954, guid: f594b14f498bf4744ae89d213732e723,
        type: 3}
      propertyPath: m_SizeDelta.x
      value: 0
      objectReference: {fileID: 0}
    - target: {fileID: 8453556063462995954, guid: f594b14f498bf4744ae89d213732e723,
        type: 3}
      propertyPath: m_SizeDelta.y
      value: 0
      objectReference: {fileID: 0}
    - target: {fileID: 1060235562, guid: f594b14f498bf4744ae89d213732e723, type: 3}
      propertyPath: m_havePropertiesChanged
      value: 1
      objectReference: {fileID: 0}
    - target: {fileID: 1060235562, guid: f594b14f498bf4744ae89d213732e723, type: 3}
      propertyPath: m_isInputParsingRequired
      value: 1
      objectReference: {fileID: 0}
    - target: {fileID: 812894390, guid: f594b14f498bf4744ae89d213732e723, type: 3}
      propertyPath: m_havePropertiesChanged
      value: 1
      objectReference: {fileID: 0}
    - target: {fileID: 812894390, guid: f594b14f498bf4744ae89d213732e723, type: 3}
      propertyPath: m_isInputParsingRequired
      value: 1
      objectReference: {fileID: 0}
    - target: {fileID: 1852063279, guid: f594b14f498bf4744ae89d213732e723, type: 3}
      propertyPath: m_havePropertiesChanged
      value: 1
      objectReference: {fileID: 0}
    - target: {fileID: 1852063279, guid: f594b14f498bf4744ae89d213732e723, type: 3}
      propertyPath: m_isInputParsingRequired
      value: 1
      objectReference: {fileID: 0}
    - target: {fileID: 1199272937, guid: f594b14f498bf4744ae89d213732e723, type: 3}
      propertyPath: m_havePropertiesChanged
      value: 1
      objectReference: {fileID: 0}
    - target: {fileID: 1199272937, guid: f594b14f498bf4744ae89d213732e723, type: 3}
      propertyPath: m_isInputParsingRequired
      value: 1
      objectReference: {fileID: 0}
    - target: {fileID: 6080025347341870584, guid: f594b14f498bf4744ae89d213732e723,
        type: 3}
      propertyPath: m_AnchorMin.y
      value: 0
      objectReference: {fileID: 0}
    - target: {fileID: 6080025347341870584, guid: f594b14f498bf4744ae89d213732e723,
        type: 3}
      propertyPath: m_AnchorMax.y
      value: 0
      objectReference: {fileID: 0}
    - target: {fileID: 6080025347341870584, guid: f594b14f498bf4744ae89d213732e723,
        type: 3}
      propertyPath: m_AnchoredPosition.x
      value: 0
      objectReference: {fileID: 0}
    - target: {fileID: 6080025347341870584, guid: f594b14f498bf4744ae89d213732e723,
        type: 3}
      propertyPath: m_AnchoredPosition.y
      value: 0
      objectReference: {fileID: 0}
    - target: {fileID: 6080025347341870584, guid: f594b14f498bf4744ae89d213732e723,
        type: 3}
      propertyPath: m_SizeDelta.x
      value: 0
      objectReference: {fileID: 0}
    - target: {fileID: 6080025347341870584, guid: f594b14f498bf4744ae89d213732e723,
        type: 3}
      propertyPath: m_SizeDelta.y
      value: 0
      objectReference: {fileID: 0}
    - target: {fileID: 6923032904901001906, guid: f594b14f498bf4744ae89d213732e723,
        type: 3}
      propertyPath: m_havePropertiesChanged
      value: 1
      objectReference: {fileID: 0}
    - target: {fileID: 6923032904901001906, guid: f594b14f498bf4744ae89d213732e723,
        type: 3}
      propertyPath: m_isInputParsingRequired
      value: 1
      objectReference: {fileID: 0}
    - target: {fileID: 4942578589164672737, guid: f594b14f498bf4744ae89d213732e723,
        type: 3}
      propertyPath: m_havePropertiesChanged
      value: 1
      objectReference: {fileID: 0}
    - target: {fileID: 4942578589164672737, guid: f594b14f498bf4744ae89d213732e723,
        type: 3}
      propertyPath: m_isInputParsingRequired
      value: 1
      objectReference: {fileID: 0}
    m_RemovedComponents: []
  m_SourcePrefab: {fileID: 100100000, guid: f594b14f498bf4744ae89d213732e723, type: 3}
--- !u!1 &1377762714
GameObject:
  m_ObjectHideFlags: 0
  m_CorrespondingSourceObject: {fileID: 0}
  m_PrefabInstance: {fileID: 0}
  m_PrefabAsset: {fileID: 0}
  serializedVersion: 6
  m_Component:
  - component: {fileID: 1377762716}
  - component: {fileID: 1377762715}
  m_Layer: 0
  m_Name: MainMenuData
  m_TagString: Untagged
  m_Icon: {fileID: 0}
  m_NavMeshLayer: 0
  m_StaticEditorFlags: 0
  m_IsActive: 1
--- !u!114 &1377762715
MonoBehaviour:
  m_ObjectHideFlags: 0
  m_CorrespondingSourceObject: {fileID: 0}
  m_PrefabInstance: {fileID: 0}
  m_PrefabAsset: {fileID: 0}
  m_GameObject: {fileID: 1377762714}
  m_Enabled: 1
  m_EditorHideFlags: 0
  m_Script: {fileID: 11500000, guid: 52dcac4bc2733864a826ebf64af6ce09, type: 3}
  m_Name: 
  m_EditorClassIdentifier: 
--- !u!4 &1377762716
Transform:
  m_ObjectHideFlags: 0
  m_CorrespondingSourceObject: {fileID: 0}
  m_PrefabInstance: {fileID: 0}
  m_PrefabAsset: {fileID: 0}
  m_GameObject: {fileID: 1377762714}
  m_LocalRotation: {x: 0, y: 0, z: 0, w: 1}
  m_LocalPosition: {x: 286.718, y: 310.1493, z: -9.756229}
  m_LocalScale: {x: 1, y: 1, z: 1}
  m_Children: []
  m_Father: {fileID: 0}
  m_RootOrder: 5
  m_LocalEulerAnglesHint: {x: 0, y: 0, z: 0}
--- !u!1001 &1420298671
PrefabInstance:
  m_ObjectHideFlags: 0
  serializedVersion: 2
  m_Modification:
    m_TransformParent: {fileID: 0}
    m_Modifications:
    - target: {fileID: 114540858508667146, guid: 47e8f16e00224b24c9b6429f7e655979,
        type: 3}
      propertyPath: ValuesList.Array.size
      value: 0
      objectReference: {fileID: 0}
    - target: {fileID: 114540858508667146, guid: 47e8f16e00224b24c9b6429f7e655979,
        type: 3}
      propertyPath: m_LogType
      value: 1
      objectReference: {fileID: 0}
    - target: {fileID: 114540858508667146, guid: 47e8f16e00224b24c9b6429f7e655979,
        type: 3}
      propertyPath: ValuesList.Array.data[0].Variable
      value: Rtt(variance)
      objectReference: {fileID: 0}
    - target: {fileID: 114540858508667146, guid: 47e8f16e00224b24c9b6429f7e655979,
        type: 3}
      propertyPath: ValuesList.Array.data[0].Value
      value: 35(18).
      objectReference: {fileID: 0}
    - target: {fileID: 114540858508667146, guid: 47e8f16e00224b24c9b6429f7e655979,
        type: 3}
      propertyPath: ValuesList.Array.data[1].Variable
      value: Ms since last receive
      objectReference: {fileID: 0}
    - target: {fileID: 114540858508667146, guid: 47e8f16e00224b24c9b6429f7e655979,
        type: 3}
      propertyPath: ValuesList.Array.data[1].Value
      value: 719.
      objectReference: {fileID: 0}
    - target: {fileID: 114540858508667146, guid: 47e8f16e00224b24c9b6429f7e655979,
        type: 3}
      propertyPath: ValuesList.Array.data[2].Variable
      value: Stats elapsed
      objectReference: {fileID: 0}
    - target: {fileID: 114540858508667146, guid: 47e8f16e00224b24c9b6429f7e655979,
        type: 3}
      propertyPath: ValuesList.Array.data[2].Value
      value: 2sec.
      objectReference: {fileID: 0}
    - target: {fileID: 114540858508667146, guid: 47e8f16e00224b24c9b6429f7e655979,
        type: 3}
      propertyPath: ValuesList.Array.data[3].Variable
      value: Longest delta between Send
      objectReference: {fileID: 0}
    - target: {fileID: 114540858508667146, guid: 47e8f16e00224b24c9b6429f7e655979,
        type: 3}
      propertyPath: ValuesList.Array.data[3].Value
      value: 79ms
      objectReference: {fileID: 0}
    - target: {fileID: 114540858508667146, guid: 47e8f16e00224b24c9b6429f7e655979,
        type: 3}
      propertyPath: ValuesList.Array.data[4].Variable
      value: Dispatch
      objectReference: {fileID: 0}
    - target: {fileID: 114540858508667146, guid: 47e8f16e00224b24c9b6429f7e655979,
        type: 3}
      propertyPath: ValuesList.Array.data[4].Value
      value: 47ms.
      objectReference: {fileID: 0}
    - target: {fileID: 114540858508667146, guid: 47e8f16e00224b24c9b6429f7e655979,
        type: 3}
      propertyPath: ValuesList.Array.data[5].Variable
      value: Longest callback OnEv
      objectReference: {fileID: 0}
    - target: {fileID: 114540858508667146, guid: 47e8f16e00224b24c9b6429f7e655979,
        type: 3}
      propertyPath: ValuesList.Array.data[5].Value
      value: 0=0ms
      objectReference: {fileID: 0}
    - target: {fileID: 114540858508667146, guid: 47e8f16e00224b24c9b6429f7e655979,
        type: 3}
      propertyPath: ValuesList.Array.data[6].Variable
      value: OnResp
      objectReference: {fileID: 0}
    - target: {fileID: 114540858508667146, guid: 47e8f16e00224b24c9b6429f7e655979,
        type: 3}
      propertyPath: ValuesList.Array.data[6].Value
      value: 0=16ms.
      objectReference: {fileID: 0}
    - target: {fileID: 114540858508667146, guid: 47e8f16e00224b24c9b6429f7e655979,
        type: 3}
      propertyPath: ValuesList.Array.data[7].Variable
      value: Calls of Send
      objectReference: {fileID: 0}
    - target: {fileID: 114540858508667146, guid: 47e8f16e00224b24c9b6429f7e655979,
        type: 3}
      propertyPath: ValuesList.Array.data[7].Value
      value: 53
      objectReference: {fileID: 0}
    - target: {fileID: 114540858508667146, guid: 47e8f16e00224b24c9b6429f7e655979,
        type: 3}
      propertyPath: ValuesList.Array.data[8].Variable
      value: Dispatch
      objectReference: {fileID: 0}
    - target: {fileID: 114540858508667146, guid: 47e8f16e00224b24c9b6429f7e655979,
        type: 3}
      propertyPath: ValuesList.Array.data[8].Value
      value: 181.
      objectReference: {fileID: 0}
    - target: {fileID: 114540858508667146, guid: 47e8f16e00224b24c9b6429f7e655979,
        type: 3}
      propertyPath: ValuesList.Array.data[9].Variable
      value: TotalPacketBytes
      objectReference: {fileID: 0}
    - target: {fileID: 114540858508667146, guid: 47e8f16e00224b24c9b6429f7e655979,
        type: 3}
      propertyPath: ValuesList.Array.data[9].Value
      value: 778
      objectReference: {fileID: 0}
    - target: {fileID: 114540858508667146, guid: 47e8f16e00224b24c9b6429f7e655979,
        type: 3}
      propertyPath: ValuesList.Array.data[10].Variable
      value: TotalCommandBytes
      objectReference: {fileID: 0}
    - target: {fileID: 114540858508667146, guid: 47e8f16e00224b24c9b6429f7e655979,
        type: 3}
      propertyPath: ValuesList.Array.data[10].Value
      value: 694
      objectReference: {fileID: 0}
    - target: {fileID: 114540858508667146, guid: 47e8f16e00224b24c9b6429f7e655979,
        type: 3}
      propertyPath: ValuesList.Array.data[11].Variable
      value: TotalPacketCount
      objectReference: {fileID: 0}
    - target: {fileID: 114540858508667146, guid: 47e8f16e00224b24c9b6429f7e655979,
        type: 3}
      propertyPath: ValuesList.Array.data[11].Value
      value: 7
      objectReference: {fileID: 0}
    - target: {fileID: 114540858508667146, guid: 47e8f16e00224b24c9b6429f7e655979,
        type: 3}
      propertyPath: ValuesList.Array.data[12].Variable
      value: TotalCommandsInPackets
      objectReference: {fileID: 0}
    - target: {fileID: 114540858508667146, guid: 47e8f16e00224b24c9b6429f7e655979,
        type: 3}
      propertyPath: ValuesList.Array.data[12].Value
      value: 14
      objectReference: {fileID: 0}
    - target: {fileID: 114540858508667146, guid: 47e8f16e00224b24c9b6429f7e655979,
        type: 3}
      propertyPath: ValuesList.Array.data[13].Variable
      value: TotalPacketBytes
      objectReference: {fileID: 0}
    - target: {fileID: 114540858508667146, guid: 47e8f16e00224b24c9b6429f7e655979,
        type: 3}
      propertyPath: ValuesList.Array.data[13].Value
      value: 785
      objectReference: {fileID: 0}
    - target: {fileID: 114540858508667146, guid: 47e8f16e00224b24c9b6429f7e655979,
        type: 3}
      propertyPath: ValuesList.Array.data[14].Variable
      value: TotalCommandBytes
      objectReference: {fileID: 0}
    - target: {fileID: 114540858508667146, guid: 47e8f16e00224b24c9b6429f7e655979,
        type: 3}
      propertyPath: ValuesList.Array.data[14].Value
      value: 689
      objectReference: {fileID: 0}
    - target: {fileID: 114540858508667146, guid: 47e8f16e00224b24c9b6429f7e655979,
        type: 3}
      propertyPath: ValuesList.Array.data[15].Variable
      value: TotalPacketCount
      objectReference: {fileID: 0}
    - target: {fileID: 114540858508667146, guid: 47e8f16e00224b24c9b6429f7e655979,
        type: 3}
      propertyPath: ValuesList.Array.data[15].Value
      value: 8
      objectReference: {fileID: 0}
    - target: {fileID: 114540858508667146, guid: 47e8f16e00224b24c9b6429f7e655979,
        type: 3}
      propertyPath: ValuesList.Array.data[16].Variable
      value: TotalCommandsInPackets
      objectReference: {fileID: 0}
    - target: {fileID: 114540858508667146, guid: 47e8f16e00224b24c9b6429f7e655979,
        type: 3}
      propertyPath: ValuesList.Array.data[16].Value
      value: 14
      objectReference: {fileID: 0}
    - target: {fileID: 4844088991340324, guid: 47e8f16e00224b24c9b6429f7e655979, type: 3}
      propertyPath: m_LocalPosition.x
      value: 72.37643
      objectReference: {fileID: 0}
    - target: {fileID: 4844088991340324, guid: 47e8f16e00224b24c9b6429f7e655979, type: 3}
      propertyPath: m_LocalPosition.y
      value: -4.1809344
      objectReference: {fileID: 0}
    - target: {fileID: 4844088991340324, guid: 47e8f16e00224b24c9b6429f7e655979, type: 3}
      propertyPath: m_LocalPosition.z
      value: -78.441795
      objectReference: {fileID: 0}
    - target: {fileID: 4844088991340324, guid: 47e8f16e00224b24c9b6429f7e655979, type: 3}
      propertyPath: m_LocalRotation.x
      value: 0
      objectReference: {fileID: 0}
    - target: {fileID: 4844088991340324, guid: 47e8f16e00224b24c9b6429f7e655979, type: 3}
      propertyPath: m_LocalRotation.y
      value: 0
      objectReference: {fileID: 0}
    - target: {fileID: 4844088991340324, guid: 47e8f16e00224b24c9b6429f7e655979, type: 3}
      propertyPath: m_LocalRotation.z
      value: 0
      objectReference: {fileID: 0}
    - target: {fileID: 4844088991340324, guid: 47e8f16e00224b24c9b6429f7e655979, type: 3}
      propertyPath: m_LocalRotation.w
      value: 1
      objectReference: {fileID: 0}
    - target: {fileID: 4844088991340324, guid: 47e8f16e00224b24c9b6429f7e655979, type: 3}
      propertyPath: m_RootOrder
      value: 2
      objectReference: {fileID: 0}
    m_RemovedComponents: []
  m_SourcePrefab: {fileID: 100100000, guid: 47e8f16e00224b24c9b6429f7e655979, type: 3}
--- !u!1 &1422533596 stripped
GameObject:
  m_CorrespondingSourceObject: {fileID: 2091058836901840549, guid: 0c9b999ccc6e4e7449a069dbcfcc0369,
    type: 3}
  m_PrefabInstance: {fileID: 2091058835941928757}
  m_PrefabAsset: {fileID: 0}
--- !u!114 &1422533597
MonoBehaviour:
  m_ObjectHideFlags: 0
  m_CorrespondingSourceObject: {fileID: 0}
  m_PrefabInstance: {fileID: 0}
  m_PrefabAsset: {fileID: 0}
  m_GameObject: {fileID: 1422533596}
  m_Enabled: 1
  m_EditorHideFlags: 0
  m_Script: {fileID: 11500000, guid: 0ed6763bdb8e0d340b48029c8c91da65, type: 3}
  m_Name: 
  m_EditorClassIdentifier: 
  SelectedClass: 1
  PlayerClasses:
  - Name: Assault
    Skills:
    - SkillID: 0
      Name: 
      Description: 
      Tier: 0
      ParentID: 0
    - SkillID: 0
      Name: 
      Description: 
      Tier: 0
      ParentID: 0
  - Name: Support
    Skills: []
  - Name: Veteran
    Skills: []
  - Name: Marksman
    Skills: []
  - Name: Recon
    Skills: []
--- !u!1 &1515747528
GameObject:
  m_ObjectHideFlags: 0
  m_CorrespondingSourceObject: {fileID: 0}
  m_PrefabInstance: {fileID: 0}
  m_PrefabAsset: {fileID: 0}
  serializedVersion: 6
  m_Component:
  - component: {fileID: 1515747531}
  - component: {fileID: 1515747530}
  - component: {fileID: 1515747529}
  m_Layer: 0
  m_Name: EventSystem
  m_TagString: Untagged
  m_Icon: {fileID: 0}
  m_NavMeshLayer: 0
  m_StaticEditorFlags: 0
  m_IsActive: 1
--- !u!114 &1515747529
MonoBehaviour:
  m_ObjectHideFlags: 0
  m_CorrespondingSourceObject: {fileID: 0}
  m_PrefabInstance: {fileID: 0}
  m_PrefabAsset: {fileID: 0}
  m_GameObject: {fileID: 1515747528}
  m_Enabled: 1
  m_EditorHideFlags: 0
  m_Script: {fileID: 1077351063, guid: f70555f144d8491a825f0804e09c671c, type: 3}
  m_Name: 
  m_EditorClassIdentifier: 
  m_HorizontalAxis: Horizontal
  m_VerticalAxis: Vertical
  m_SubmitButton: Submit
  m_CancelButton: Cancel
  m_InputActionsPerSecond: 10
  m_RepeatDelay: 0.5
  m_ForceModuleActive: 0
--- !u!114 &1515747530
MonoBehaviour:
  m_ObjectHideFlags: 0
  m_CorrespondingSourceObject: {fileID: 0}
  m_PrefabInstance: {fileID: 0}
  m_PrefabAsset: {fileID: 0}
  m_GameObject: {fileID: 1515747528}
  m_Enabled: 1
  m_EditorHideFlags: 0
  m_Script: {fileID: -619905303, guid: f70555f144d8491a825f0804e09c671c, type: 3}
  m_Name: 
  m_EditorClassIdentifier: 
  m_FirstSelected: {fileID: 0}
  m_sendNavigationEvents: 1
  m_DragThreshold: 10
--- !u!4 &1515747531
Transform:
  m_ObjectHideFlags: 0
  m_CorrespondingSourceObject: {fileID: 0}
  m_PrefabInstance: {fileID: 0}
  m_PrefabAsset: {fileID: 0}
  m_GameObject: {fileID: 1515747528}
  m_LocalRotation: {x: 0, y: 0, z: 0, w: 1}
  m_LocalPosition: {x: 0, y: 0, z: 0}
  m_LocalScale: {x: 1, y: 1, z: 1}
  m_Children: []
  m_Father: {fileID: 0}
  m_RootOrder: 4
  m_LocalEulerAnglesHint: {x: 0, y: 0, z: 0}
--- !u!1 &1909212943 stripped
GameObject:
  m_CorrespondingSourceObject: {fileID: 100000, guid: f594b14f498bf4744ae89d213732e723,
    type: 3}
  m_PrefabInstance: {fileID: 620163345}
  m_PrefabAsset: {fileID: 0}
--- !u!1001 &2091058835941928757
PrefabInstance:
  m_ObjectHideFlags: 0
  serializedVersion: 2
  m_Modification:
    m_TransformParent: {fileID: 0}
    m_Modifications:
    - target: {fileID: 2091058836901840549, guid: 0c9b999ccc6e4e7449a069dbcfcc0369,
        type: 3}
      propertyPath: m_Name
      value: Database
      objectReference: {fileID: 0}
    - target: {fileID: 2091058836901840549, guid: 0c9b999ccc6e4e7449a069dbcfcc0369,
        type: 3}
      propertyPath: m_IsActive
      value: 1
      objectReference: {fileID: 0}
    - target: {fileID: 2091058836901840548, guid: 0c9b999ccc6e4e7449a069dbcfcc0369,
        type: 3}
      propertyPath: Lobby
      value: 
      objectReference: {fileID: 1909212943}
    - target: {fileID: 2091058836901840551, guid: 0c9b999ccc6e4e7449a069dbcfcc0369,
        type: 3}
      propertyPath: m_LocalPosition.x
      value: 398.59958
      objectReference: {fileID: 0}
    - target: {fileID: 2091058836901840551, guid: 0c9b999ccc6e4e7449a069dbcfcc0369,
        type: 3}
      propertyPath: m_LocalPosition.y
      value: 296.65637
      objectReference: {fileID: 0}
    - target: {fileID: 2091058836901840551, guid: 0c9b999ccc6e4e7449a069dbcfcc0369,
        type: 3}
      propertyPath: m_LocalPosition.z
      value: -7
      objectReference: {fileID: 0}
    - target: {fileID: 2091058836901840551, guid: 0c9b999ccc6e4e7449a069dbcfcc0369,
        type: 3}
      propertyPath: m_LocalRotation.x
      value: 0
      objectReference: {fileID: 0}
    - target: {fileID: 2091058836901840551, guid: 0c9b999ccc6e4e7449a069dbcfcc0369,
        type: 3}
      propertyPath: m_LocalRotation.y
      value: 0
      objectReference: {fileID: 0}
    - target: {fileID: 2091058836901840551, guid: 0c9b999ccc6e4e7449a069dbcfcc0369,
        type: 3}
      propertyPath: m_LocalRotation.z
      value: 0
      objectReference: {fileID: 0}
    - target: {fileID: 2091058836901840551, guid: 0c9b999ccc6e4e7449a069dbcfcc0369,
        type: 3}
      propertyPath: m_LocalRotation.w
      value: 1
      objectReference: {fileID: 0}
    - target: {fileID: 2091058836901840551, guid: 0c9b999ccc6e4e7449a069dbcfcc0369,
        type: 3}
      propertyPath: m_RootOrder
      value: 3
      objectReference: {fileID: 0}
    - target: {fileID: 2091058836901840551, guid: 0c9b999ccc6e4e7449a069dbcfcc0369,
        type: 3}
      propertyPath: m_LocalEulerAnglesHint.x
      value: 0
      objectReference: {fileID: 0}
    - target: {fileID: 2091058836901840551, guid: 0c9b999ccc6e4e7449a069dbcfcc0369,
        type: 3}
      propertyPath: m_LocalEulerAnglesHint.y
      value: 0
      objectReference: {fileID: 0}
    - target: {fileID: 2091058836901840551, guid: 0c9b999ccc6e4e7449a069dbcfcc0369,
        type: 3}
      propertyPath: m_LocalEulerAnglesHint.z
      value: 0
      objectReference: {fileID: 0}
    - target: {fileID: 7492875450906506072, guid: 0c9b999ccc6e4e7449a069dbcfcc0369,
        type: 3}
      propertyPath: m_LocalPosition.z
      value: 0
      objectReference: {fileID: 0}
    - target: {fileID: 8953205063973309035, guid: 0c9b999ccc6e4e7449a069dbcfcc0369,
        type: 3}
      propertyPath: m_havePropertiesChanged
      value: 1
      objectReference: {fileID: 0}
    - target: {fileID: 8953205063973309035, guid: 0c9b999ccc6e4e7449a069dbcfcc0369,
        type: 3}
      propertyPath: m_isInputParsingRequired
      value: 1
      objectReference: {fileID: 0}
    - target: {fileID: 1355044685733473164, guid: 0c9b999ccc6e4e7449a069dbcfcc0369,
        type: 3}
      propertyPath: m_havePropertiesChanged
      value: 1
      objectReference: {fileID: 0}
    - target: {fileID: 1355044685733473164, guid: 0c9b999ccc6e4e7449a069dbcfcc0369,
        type: 3}
      propertyPath: m_isInputParsingRequired
      value: 1
      objectReference: {fileID: 0}
    - target: {fileID: 5175359558481141739, guid: 0c9b999ccc6e4e7449a069dbcfcc0369,
        type: 3}
      propertyPath: m_havePropertiesChanged
      value: 1
      objectReference: {fileID: 0}
    - target: {fileID: 5175359558481141739, guid: 0c9b999ccc6e4e7449a069dbcfcc0369,
        type: 3}
      propertyPath: m_isInputParsingRequired
      value: 1
      objectReference: {fileID: 0}
    - target: {fileID: 5175359559417841773, guid: 0c9b999ccc6e4e7449a069dbcfcc0369,
        type: 3}
      propertyPath: m_havePropertiesChanged
      value: 1
      objectReference: {fileID: 0}
    - target: {fileID: 5175359559417841773, guid: 0c9b999ccc6e4e7449a069dbcfcc0369,
        type: 3}
      propertyPath: m_isInputParsingRequired
      value: 1
      objectReference: {fileID: 0}
    - target: {fileID: 5175359558924708730, guid: 0c9b999ccc6e4e7449a069dbcfcc0369,
        type: 3}
      propertyPath: m_havePropertiesChanged
      value: 1
      objectReference: {fileID: 0}
    - target: {fileID: 5175359558924708730, guid: 0c9b999ccc6e4e7449a069dbcfcc0369,
        type: 3}
      propertyPath: m_isInputParsingRequired
      value: 1
      objectReference: {fileID: 0}
    - target: {fileID: 5175359559056671457, guid: 0c9b999ccc6e4e7449a069dbcfcc0369,
        type: 3}
      propertyPath: m_havePropertiesChanged
      value: 1
      objectReference: {fileID: 0}
    - target: {fileID: 5175359559056671457, guid: 0c9b999ccc6e4e7449a069dbcfcc0369,
        type: 3}
      propertyPath: m_isInputParsingRequired
      value: 1
      objectReference: {fileID: 0}
    - target: {fileID: 1454085763312494933, guid: 0c9b999ccc6e4e7449a069dbcfcc0369,
        type: 3}
      propertyPath: m_havePropertiesChanged
      value: 1
      objectReference: {fileID: 0}
    - target: {fileID: 1454085763312494933, guid: 0c9b999ccc6e4e7449a069dbcfcc0369,
        type: 3}
      propertyPath: m_isInputParsingRequired
      value: 1
      objectReference: {fileID: 0}
    - target: {fileID: 5175359559782748623, guid: 0c9b999ccc6e4e7449a069dbcfcc0369,
        type: 3}
      propertyPath: m_AnchoredPosition.x
      value: -0.10876465
      objectReference: {fileID: 0}
    - target: {fileID: 2091058836019049716, guid: 0c9b999ccc6e4e7449a069dbcfcc0369,
        type: 3}
      propertyPath: m_havePropertiesChanged
      value: 1
      objectReference: {fileID: 0}
    - target: {fileID: 2091058836019049716, guid: 0c9b999ccc6e4e7449a069dbcfcc0369,
        type: 3}
      propertyPath: m_isInputParsingRequired
      value: 1
      objectReference: {fileID: 0}
    - target: {fileID: 6250196349248687021, guid: 0c9b999ccc6e4e7449a069dbcfcc0369,
        type: 3}
      propertyPath: m_havePropertiesChanged
      value: 1
      objectReference: {fileID: 0}
    - target: {fileID: 6250196349248687021, guid: 0c9b999ccc6e4e7449a069dbcfcc0369,
        type: 3}
      propertyPath: m_isInputParsingRequired
      value: 1
      objectReference: {fileID: 0}
    - target: {fileID: 1307421908192902091, guid: 0c9b999ccc6e4e7449a069dbcfcc0369,
        type: 3}
      propertyPath: m_IsActive
      value: 0
      objectReference: {fileID: 0}
    - target: {fileID: 5175359558854797171, guid: 0c9b999ccc6e4e7449a069dbcfcc0369,
        type: 3}
      propertyPath: m_Text
      value: 
      objectReference: {fileID: 0}
    - target: {fileID: 5175359559782748624, guid: 0c9b999ccc6e4e7449a069dbcfcc0369,
        type: 3}
      propertyPath: m_Text
      value: 
      objectReference: {fileID: 0}
    - target: {fileID: 2091058835941928760, guid: 0c9b999ccc6e4e7449a069dbcfcc0369,
        type: 3}
      propertyPath: xpCurve.m_Curve.Array.data[0].inSlope
      value: 25.700752
      objectReference: {fileID: 0}
    - target: {fileID: 2091058835941928760, guid: 0c9b999ccc6e4e7449a069dbcfcc0369,
        type: 3}
      propertyPath: xpCurve.m_Curve.Array.data[0].outSlope
      value: 25.700752
      objectReference: {fileID: 0}
    - target: {fileID: 2091058835941928760, guid: 0c9b999ccc6e4e7449a069dbcfcc0369,
        type: 3}
      propertyPath: xpCurve.m_Curve.Array.data[0].outWeight
      value: 0.6502319
      objectReference: {fileID: 0}
    - target: {fileID: 2091058835941928760, guid: 0c9b999ccc6e4e7449a069dbcfcc0369,
        type: 3}
      propertyPath: xpCurve.m_Curve.Array.data[1].value
      value: 404.5103
      objectReference: {fileID: 0}
    - target: {fileID: 2091058835941928760, guid: 0c9b999ccc6e4e7449a069dbcfcc0369,
        type: 3}
      propertyPath: xpCurve.m_Curve.Array.data[1].time
      value: 10.622641
      objectReference: {fileID: 0}
    - target: {fileID: 2091058835941928760, guid: 0c9b999ccc6e4e7449a069dbcfcc0369,
        type: 3}
      propertyPath: xpCurve.m_Curve.Array.data[1].inSlope
      value: 15.443903
      objectReference: {fileID: 0}
    - target: {fileID: 2091058835941928760, guid: 0c9b999ccc6e4e7449a069dbcfcc0369,
        type: 3}
      propertyPath: xpCurve.m_Curve.Array.data[1].outSlope
      value: 15.443903
      objectReference: {fileID: 0}
    - target: {fileID: 2091058835941928760, guid: 0c9b999ccc6e4e7449a069dbcfcc0369,
        type: 3}
      propertyPath: xpCurve.m_Curve.Array.data[1].inWeight
      value: 0.59658766
      objectReference: {fileID: 0}
    - target: {fileID: 2091058835941928760, guid: 0c9b999ccc6e4e7449a069dbcfcc0369,
        type: 3}
      propertyPath: xpCurve.m_Curve.Array.data[1].outWeight
      value: 0.018177023
      objectReference: {fileID: 0}
    m_RemovedComponents: []
  m_SourcePrefab: {fileID: 100100000, guid: 0c9b999ccc6e4e7449a069dbcfcc0369, type: 3}
